@ARTICLE{2021arXiv211115030O,
       author = {{O'Mullane}, William and {Economou}, Frossie and {Huang}, Flora and {Speck}, Dan and {Chiang}, Hsin-Fang and {Graham}, Melissa L. and {Allbery}, Russ and {Banek}, Christine and {Sick}, Jonathan and {Thornton}, Adam J. and {Masciarelli}, Jess and {Lim}, Kian-Tat and {Mueller}, Fritz and {Padolski}, Sergey and {Jenness}, Tim and {Krughoff}, K. Simon and {Gower}, Michelle and {Guy}, Leanne P. and {Dubois-Felsmann}, Gregory P.},
        title = "{Rubin Science Platform on Google: the story so far}",
      journal = {arXiv e-prints},
     keywords = {Astrophysics - Instrumentation and Methods for Astrophysics},
         year = 2021,
        month = nov,
          eid = {arXiv:2111.15030},
        pages = {arXiv:2111.15030},
archivePrefix = {arXiv},
       eprint = {2111.15030},
 primaryClass = {astro-ph.IM},
       adsurl = {https://ui.adsabs.harvard.edu/abs/2021arXiv211115030O},
      adsnote = {Provided by the SAO/NASA Astrophysics Data System}
}
